<record><leader>00000cas a22000007a 4500</leader><controlfield tag="001">17255831</controlfield><controlfield tag="008">871218d19091916iaucr ne      0    0eng d</controlfield><datafield ind1=" " ind2=" " tag="010"><subfield code="a">sn 87058654 </subfield></datafield><datafield ind1=" " ind2=" " tag="040"><subfield code="a">INP</subfield><subfield code="b">eng</subfield><subfield code="c">INP</subfield><subfield code="d">OCLCQ</subfield></datafield><datafield ind1=" " ind2=" " tag="042"><subfield code="a">msc</subfield></datafield><datafield ind1="0" ind2=" " tag="130"><subfield code="a">Twice-a-week weekly Mason City globe-gazette (Mason City, Iowa : 1909)</subfield></datafield><datafield ind1="1" ind2="0" tag="245"><subfield code="a">Twice-a-week weekly Mason City globe-gazette.</subfield></datafield><datafield ind1="1" ind2="3" tag="246"><subfield code="a">Mason City daily globe-gazette</subfield></datafield><datafield ind1="1" ind2="3" tag="246"><subfield code="a">Mason City globe-gazette, Cerro Gordo County Republican</subfield></datafield><datafield ind1=" " ind2=" " tag="260"><subfield code="a">Mason City, Iowa :</subfield><subfield code="b">Globe-Gazette Print. Co.,</subfield><subfield code="c">1909-1916.</subfield></datafield><datafield ind1=" " ind2=" " tag="300"><subfield code="a">7 v.</subfield></datafield><datafield ind1=" " ind2=" " tag="310"><subfield code="a">Semiweekly</subfield></datafield><datafield ind1="0" ind2=" " tag="362"><subfield code="a">Vol. 17, no. 15 (Nov. 9, 1909)-v. 23, no. 171 (May 11, 1916).</subfield></datafield><datafield ind1=" " ind2=" " tag="515"><subfield code="a">Issues have numbering of: Mason City globe-gazette (Mason City, Iowa : 1895 : Daily).</subfield></datafield><datafield ind1=" " ind2=" " tag="515"><subfield code="a">Vol. 17, no. 15 repeated in numbering from: Semi-weekly globe-gazette, Mason City globe-gazette.</subfield></datafield><datafield ind1=" " ind2=" " tag="752"><subfield code="a">United States</subfield><subfield code="b">Iowa</subfield><subfield code="c">Cerro Gordo</subfield><subfield code="d">Mason City.</subfield></datafield><datafield ind1="0" ind2=" " tag="775"><subfield code="t">Mason City globe-gazette (Mason City, Iowa : 1895 : Daily)</subfield><subfield code="w">(DLC)sn 87058653</subfield></datafield><datafield ind1="0" ind2="0" tag="780"><subfield code="t">Semi-weekly globe-gazette, Mason City globe-gazette</subfield><subfield code="w">(DLC)sn 87058650</subfield></datafield><datafield ind1="0" ind2="0" tag="785"><subfield code="t">Mason City globe-gazette (Mason City, Iowa : 1916 : Weekly)</subfield><subfield code="w">(DLC)sn 87058655</subfield></datafield></record>